<?xml version="1.0" encoding="UTF-8"?><record xmlns="http://www.loc.gov/MARC21/slim" xmlns:cinclude="http://apache.org/cocoon/include/1.0" xmlns:zs="http://www.loc.gov/zing/srw/">
  <leader>00946cz  a2200217n  4500</leader>
  <controlfield tag="001">n 2015222301</controlfield>
  <controlfield tag="003">DLC</controlfield>
  <controlfield tag="005">20151204073756.0</controlfield>
  <controlfield tag="008">150604n| azannaabn          |b aaa      </controlfield>
  <datafield tag="010" ind1=" " ind2=" ">
    <subfield code="a">n 2015222301</subfield>
  </datafield>
  <datafield tag="035" ind1=" " ind2=" ">
    <subfield code="a">(OCoLC)oca10184716</subfield>
  </datafield>
  <datafield tag="040" ind1=" " ind2=" ">
    <subfield code="a">DLC</subfield>
    <subfield code="b">eng</subfield>
    <subfield code="c">DLC</subfield>
    <subfield code="e">rda</subfield>
    <subfield code="d">HU</subfield>
  </datafield>
  <datafield tag="046" ind1=" " ind2=" ">
    <subfield code="f">[1895,1896]</subfield>
    <subfield code="g">[1961,1962]</subfield>
    <subfield code="2">edtf</subfield>
  </datafield>
  <datafield tag="053" ind1=" " ind2="0">
    <subfield code="a">PK6561.N365</subfield>
  </datafield>
  <datafield tag="100" ind1="1" ind2=" ">
    <subfield code="a">Naṣr, ʻAlī,</subfield>
    <subfield code="d">1895 or 1896-1961 or 1962</subfield>
  </datafield>
  <datafield tag="375" ind1=" " ind2=" ">
    <subfield code="a">male</subfield>
  </datafield>
  <datafield tag="377" ind1=" " ind2=" ">
    <subfield code="a">per</subfield>
  </datafield>
  <datafield tag="400" ind1="1" ind2=" ">
    <subfield code="a">Naṣr, Sayyid ʻAlī Khān,</subfield>
    <subfield code="d">1895 or 1896-1961 or 1962</subfield>
  </datafield>
  <datafield tag="400" ind1="1" ind2=" ">
    <subfield code="a">‏نصر، على,</subfield>
    <subfield code="d">1895 or 1896-1961 or 1962.</subfield>
  </datafield>
  <datafield tag="667" ind1=" " ind2=" ">
    <subfield code="a">Non-Latin script reference not evaluated.</subfield>
  </datafield>
  <datafield tag="670" ind1=" " ind2=" ">
    <subfield code="a">Namāyīshnāmahʹhā-yi tak pardah, 2003:</subfield>
    <subfield code="b">t.p. (سيد على خان نصر = Sayyid ʻAlī Khān Naṣr) t.p. verso (Iranian CIP data: Naṣr, ʻAlī; b. 1274 [1895 or 1896]; d. 1340 [1961 or 1962]) facing t.p. verso (Sayyid ʻAlī Naṣr) cover (Aqā-yi Mīrzā Sayyid ʻAlīkhān Naṣr)</subfield>
  </datafield>
</record>